% use `texdoc biblatex` to get help
@www{zjuthesisrules,
    title = {浙江大学本科生毕业论文（设计）编写规则},
    author = {浙江大学本科生院},
    year = {2018},
    url = {http://bksy.zju.edu.cn/attachments/2018-01/01-1517384518-1149149.pdf},
}
@www{tikz,
    title = {tikz宏包},
    author = {Till Tantau},
    year = {2018},
    url = {https://sourceforge.net/projects/pgf/},
}

@www{kubernetes,
    title = {Kubernetes Official Site},
    author = {The Kubernetes Authors},
    year = {2019},
    url = {https://kubernetes.io},
}

@www{hadoop,
    title = {Apache Hadoop},
    author = {The Apache Software Foundation},
    year = {2019},
    url = {http://hadoop.apache.org},
}

@www{serving,
    title = {Tensorflow Serving},
    author = {Google},
    year = {2019},
    url = {https://www.tensorflow.org/tfx/guide/serving},
}

@www{operator,
    title = {Kubernetes Operator},
    author = {Red Hat, inc.},
    year = {2019},
    url = {https://coreos.com/operators},
}

@inproceedings{borg,
title   = {Large-scale cluster management at {Google} with {Borg}},
author  = {Abhishek Verma and Luis Pedrosa and Madhukar R. Korupolu and David Oppenheimer and Eric Tune and John Wilkes},
year    = {2015},
booktitle       = {Proceedings of the European Conference on Computer Systems (EuroSys)},
address = {Bordeaux, France}
}
